@article{duarte2018machine,
  title={Machine learning for continuous-time economics},
  author={Duarte, Victor},
  journal={Available at SSRN 3012602},
  year={2018}
}

@article{algan2014solving,
  title={Solving and simulating models with heterogeneous agents and aggregate uncertainty},
  author={Algan, Yann and Allais, Olivier and Den Haan, Wouter J and Rendahl, Pontus},
  journal={Handbook of computational economics},
  volume={3},
  pages={277--324},
  year={2014},
  publisher={Elsevier}
}

@article{den1997solving,
  title={Solving dynamic models with aggregate shocks and heterogeneous agents},
  author={Den Haan, Wouter J},
  journal={Macroeconomic dynamics},
  volume={1},
  number={2},
  pages={355--386},
  year={1997},
  publisher={Cambridge University Press}
}

@article{krusell1998income,
  title={Income and wealth heterogeneity in the macroeconomy},
  author={Krusell, Per and Smith, Jr, Anthony A},
  journal={Journal of political Economy},
  volume={106},
  number={5},
  pages={867--896},
  year={1998},
  publisher={The University of Chicago Press}
}

@book{dreyfus1962applied,
  title={Applied dynamic programming},
  author={Dreyfus, Stuart E and Bellman, Richard},
  year={1962},
  publisher={Princeton University Press}
}

@article{azinovic2019deep,
  title={Deep equilibrium nets},
  author={Azinovic, Marlon and Gaegauf, Luca and Scheidegger, Simon},
  journal={Available at SSRN 3393482},
  year={2019}
}

@article{krusell2006quantitative,
  title={Quantitative macroeconomic models with heterogeneous agents},
  author={Krusell, Per and Smith, Anthony A},
  journal={Econometric Society Monographs},
  volume={41},
  pages={298},
  year={2006},
  publisher={Cambridge University Press}
}

@article{bengio2003neural,
  title={A neural probabilistic language model},
  author={Bengio, Yoshua and Ducharme, R{\'e}jean and Vincent, Pascal and Janvin, Christian},
  journal={The journal of machine learning research},
  volume={3},
  pages={1137--1155},
  year={2003},
  publisher={JMLR. org}
}

@article{den1996heterogeneity,
  title={Heterogeneity, aggregate uncertainty, and the short-term interest rate},
  author={Den Haan, Wouter J},
  journal={Journal of Business \& Economic Statistics},
  volume={14},
  number={4},
  pages={399--411},
  year={1996},
  publisher={Taylor \& Francis}
}

@article{kingma2014adam,
  title={Adam: A method for stochastic optimization},
  author={Kingma, Diederik P and Ba, Jimmy},
  journal={arXiv preprint arXiv:1412.6980},
  year={2014}
}

@article{han2021deepham,
  title={DeepHAM: A Global Solution Method for Heterogeneous Agent Models with Aggregate Shocks},
  author={Han, Jiequn and Yang, Yucheng and others},
  year={2021}
}

@article{maliar2021deep,
  title={Deep learning for solving dynamic economic models.},
  author={Maliar, Lilia and Maliar, Serguei and Winant, Pablo},
  journal={Journal of Monetary Economics},
  volume={122},
  pages={76--101},
  year={2021},
  publisher={Elsevier}
}
