@article{duarte2018machine,
  title={Machine learning for continuous-time economics},
  author={Duarte, Victor},
  journal={Available at SSRN 3012602},
  year={2018}
}

@article{algan2014solving,
  title={Solving and simulating models with heterogeneous agents and aggregate uncertainty},
  author={Algan, Yann and Allais, Olivier and Den Haan, Wouter J and Rendahl, Pontus},
  journal={Handbook of computational economics},
  volume={3},
  pages={277--324},
  year={2014},
  publisher={Elsevier}
}

@article{den1997solving,
  title={Solving dynamic models with aggregate shocks and heterogeneous agents},
  author={Den Haan, Wouter J},
  journal={Macroeconomic dynamics},
  volume={1},
  number={2},
  pages={355--386},
  year={1997},
  publisher={Cambridge University Press}
}

@article{krusell1998income,
  title={Income and wealth heterogeneity in the macroeconomy},
  author={Krusell, Per and Smith, Jr, Anthony A},
  journal={Journal of political Economy},
  volume={106},
  number={5},
  pages={867--896},
  year={1998},
  publisher={The University of Chicago Press}
}

@article{bellman1961curse,
  title={Curse of dimensionality},
  author={Bellman, Robert},
  journal={Adaptive control processes: a guided tour. Princeton, NJ},
  volume={3},
  number={2},
  year={1961}
}

@article{calvo1983staggered,
  title={Staggered prices in a utility-maximizing framework},
  author={Calvo, Guillermo A},
  journal={Journal of monetary Economics},
  volume={12},
  number={3},
  pages={383--398},
  year={1983},
  publisher={Elsevier}
}

@article{azinovic2019deep,
  title={Deep equilibrium nets},
  author={Azinovic, Marlon and Gaegauf, Luca and Scheidegger, Simon},
  journal={Available at SSRN 3393482},
  year={2019}
}

@article{krusell2006quantitative,
  title={Quantitative macroeconomic models with heterogeneous agents},
  author={Krusell, Per and Smith, Anthony A},
  journal={Econometric Society Monographs},
  volume={41},
  pages={298},
  year={2006},
  publisher={Cambridge University Press}
}

@article{bengio2003neural,
  title={A neural probabilistic language model},
  author={Bengio, Yoshua and Ducharme, R{\'e}jean and Vincent, Pascal and Janvin, Christian},
  journal={The journal of machine learning research},
  volume={3},
  pages={1137--1155},
  year={2003},
  publisher={JMLR. org}
}

@article{den1996heterogeneity,
  title={Heterogeneity, aggregate uncertainty, and the short-term interest rate},
  author={Den Haan, Wouter J},
  journal={Journal of Business \& Economic Statistics},
  volume={14},
  number={4},
  pages={399--411},
  year={1996},
  publisher={Taylor \& Francis}
}

@article{kingma2014adam,
  title={Adam: A method for stochastic optimization},
  author={Kingma, Diederik P and Ba, Jimmy},
  journal={arXiv preprint arXiv:1412.6980},
  year={2014}
}

@article{han2021deepham,
  title={DeepHAM: A Global Solution Method for Heterogeneous Agent Models with Aggregate Shocks},
  author={Han, Jiequn and Yang, Yucheng and E, Weinan},
  year={2021}
}

@article{maliar2021deep,
  title={Deep learning for solving dynamic economic models.},
  author={Maliar, Lilia and Maliar, Serguei and Winant, Pablo},
  journal={Journal of Monetary Economics},
  volume={122},
  pages={76--101},
  year={2021},
  publisher={Elsevier}
}

@article{shen2021neural,
  title={Neural network approximation: Three hidden layers are enough},
  author={Shen, Zuowei and Yang, Haizhao and Zhang, Shijun},
  journal={Neural Networks},
  volume={141},
  pages={160--173},
  year={2021},
  publisher={Elsevier}
}

@article{judd2011numerically,
  title={Numerically stable and accurate stochastic simulation approaches for solving dynamic economic models},
  author={Judd, Kenneth L and Maliar, Lilia and Maliar, Serguei},
  journal={Quantitative Economics},
  volume={2},
  number={2},
  pages={173--210},
  year={2011},
  publisher={Wiley Online Library}
}

@article{hornik1989multilayer,
  title={Multilayer feedforward networks are universal approximators},
  author={Hornik, Kurt and Stinchcombe, Maxwell and White, Halbert},
  journal={Neural networks},
  volume={2},
  number={5},
  pages={359--366},
  year={1989},
  publisher={Elsevier}
}

@article{dias2019monetary,
  title={Monetary policy, housing rents, and inflation dynamics},
  author={Dias, Daniel A and Duarte, Jo{\~a}o B},
  journal={Journal of Applied Econometrics},
  volume={34},
  number={5},
  pages={673--687},
  year={2019},
  publisher={Wiley Online Library}
}

@misc{dahms_duchame_2022, 
  place={Montreal}, 
  title={Housing Affordability Monitor}, 
  publisher={National Bank of Canada}, 
  author={Dahms, Kyle and Duchame, Alexandra}, 
  year={2022}, 
  month={Feb}
} 

@misc{deschamps_2022, 
  title={GTA home prices up 28\% from last year as supply remains hampered, Trreb says}, 
  url={https://www.cbc.ca/news/canada/toronto/gta-home-price-1.6371394}, 
  journal={CBC news}, 
  publisher={CBC},
  author={Deschamps, Tara}, 
  year={2022}, 
  month={Mar}
} 

@misc{statcan, 
 title={Statistics Canada: Canada's National Statistical Agency}, 
 url={https://www.statcan.gc.ca/en/start}, 
 journal={Statistics Canada: Canada's national statistical agency}, 
 year={2022}, 
 month={Mar}
} 